<?xml version="1.0" encoding="UTF-8"?><record xmlns="http://www.loc.gov/MARC21/slim" xmlns:cinclude="http://apache.org/cocoon/include/1.0" xmlns:zs="http://www.loc.gov/zing/srw/">
  <leader>00489nz  a2200157n  4500</leader>
  <controlfield tag="001">no2011147764</controlfield>
  <controlfield tag="003">DLC</controlfield>
  <controlfield tag="005">20110924075607.0</controlfield>
  <controlfield tag="008">110922n| acannaabn          |a aaa     c</controlfield>
  <datafield tag="010" ind1=" " ind2=" ">
    <subfield code="a">no2011147764</subfield>
  </datafield>
  <datafield tag="035" ind1=" " ind2=" ">
    <subfield code="a">(OCoLC)oca08984426</subfield>
  </datafield>
  <datafield tag="040" ind1=" " ind2=" ">
    <subfield code="a">CtY</subfield>
    <subfield code="b">eng</subfield>
    <subfield code="c">CtY</subfield>
  </datafield>
  <datafield tag="100" ind1="1" ind2=" ">
    <subfield code="a">Falomir del Campo, Vicent</subfield>
  </datafield>
  <datafield tag="400" ind1="1" ind2=" ">
    <subfield code="a">Campo, Vicent Falomir del</subfield>
  </datafield>
  <datafield tag="400" ind1="1" ind2=" ">
    <subfield code="a">Del Campo, Vicent Falomir</subfield>
  </datafield>
  <datafield tag="670" ind1=" " ind2=" ">
    <subfield code="a">Arte y letras (1911, 1915) i Revista de CastelloĚn (1912-1914), 1997:</subfield>
    <subfield code="b">t.p. (Vicent Falomir del Campo)</subfield>
  </datafield>
</record>